% Encoding: UTF-8
@Book{MJK,
  author    = {Montgomery, Douglas and Cheryl Jennings and Murat Kulachi},
  publisher = {Wiley},
  title     = {Introduction to Time Series Analysis and Forecasting},
  address   = {Cambridge, MA},
  year      = {2015}
}

